<?xml version="1.0" encoding="UTF-8"?><collection xmlns="http://www.loc.gov/MARC21/slim"><record><leader>00336nam--2200109-i-4500</leader><controlfield tag="001">000006728</controlfield><controlfield tag="002">20161230</controlfield><controlfield tag="005">20161230201026</controlfield><controlfield tag="008">060222s1000------------r-----000-0-eng-d</controlfield><datafield ind1=" " ind2=" " tag="245"><subfield code="a">Determination of trace elements with special reference to fertilisers and feeding stuffs</subfield></datafield><datafield ind1=" " ind2=" " tag="260"><subfield code="a">Cambridge/Engl., Heffer &amp; Sons Ltd., 1963</subfield></datafield><datafield ind1=" " ind2=" " tag="490"><subfield code="a">Vii+39p</subfield></datafield></record></collection>